%%%%%%%%%%%%%%%%%%%%%%%%%%%%%%%%%%%%%%%%%%%%%%
    %Data%
%%%%%%%%%%%%%%%%%%%%%%%%%%%%%%%%%%%%%%%%%%%%%%


@misc{538rawpolldata,
  title={Raw Polls},
  author={Nate Silver},
  url={https://github.com/fivethirtyeight/data/blob/master/pollster-ratings/raw-polls.csv},
  year={2020},
  publisher={GitHub},
  annotate={Raw Data from 538}
}