%%%%%%%%%%%%%%%%%%%%%%%%%%%%%%%%%%%%%%%%%%%%%%
    %Data%
%%%%%%%%%%%%%%%%%%%%%%%%%%%%%%%%%%%%%%%%%%%%%%


@misc{538rawpolldata,
  title={Raw Polls},
  author={Nate Silver},
  url={https://github.com/fivethirtyeight/data/blob/master/pollster-ratings/raw-polls.csv},
  year={2020},
  publisher={GitHub},
  annotate={Raw Data from 538}
}

@misc{MaristAcademy,
 institution = {Marist Institute for Public Opinion},
 year = {2020},
 title = {Marist Poll Academy},
 url = {https://academy.maristpoll.marist.edu/collections},
 urldate = {2020-06-01},
 annotate={Polling basic definitions, explanation of methodology and its importance}
}